@techreport{Beckett2004,
  editor = {Beckett, Dave},
  institution = {W3C},
  series = {W3C Recommendation},
  title = {{RDF/XML Syntax Specification (Revised)}},
  url = {http://www.w3.org/TR/2004/REC-rdf-syntax-grammar-20040210/},
  day = 10,
  month = {February},
  year = 2004
}
@techreport{Prudhommeaux2013,
  editor = {Eric Prud'hommeaux and Gavin Carothers},
  title = {{Turtle. Terse RDF Triple Language}},
  series = {W3C Candidate Recommendation},
  institution = {W3C},
  url = {http://www.w3.org/TR/2013/CR-turtle-20130219/},
  year = 2013,
  month = {February},
  day = {19}
}
@techreport{Beckett2003,
  author = {Beckett, Dave},
  institution = {Institute for Learning and Research Technology, Bristol},
  title = {{New Syntaxes for RDF}},
  url = {http://www.dajobe.org/2003/11/new-syntaxes-rdf/},
  month = {November},
  year = 2004,
  day = 17,
}
@techreport{BernersLee2011,
  author = {Berners-Lee, Tim and Connolly, Dan},
  day = 28,
  institution = {W3C},
  month = {March},
  series = {{W3C Team Submission}},
  title = {{Notation3 (N3): A readable RDF syntax}},
  url = {http://www.w3.org/TeamSubmission/n3/},
  year = 2011
}
# see also http://www.w3.org/TR/rdf-testcases/#ntriples
@techreport{Beckett2001,
  author = {Dave Beckett and Art Barstow},
  url = {http://www.w3.org/2001/sw/RDFCore/ntriples/},
  title = {{N-Triples}},
  series = {W3C RDF Core WG Internal Working Draft},
  institution = {W3C}, 
  year = {2001},
  month = {September},
  day = 6
}